@article{pence2010definition,
  title={Definition of the flexible image transport system (fits), version 3.0},
  author={Pence, William D and Chiappetti, Lucio and Page, Clive G and Shaw, Richard A and Stobie, Elizabeth},
  journal={Astronomy \& Astrophysics},
  volume={524},
  pages={A42},
  year={2010},
  publisher={EDP Sciences}
}

@article{grosbol1991fits,
  title={The FITS data format},
  author={Grosb{\o}l, Preben},
  journal={Databases \& On-line Data in Astronomy},
  pages={253--257},
  year={1991},
  publisher={Springer}
}

@article{pattinson2022relational,
  title={Relational vs. Non-Relational Databases},
  author={Pattinson, Tamara},
  journal={Pluralsight Blog},
  year={2022},
  month={November},
  note={Updated on November 9, 2022},
  url={https://www.pluralsight.com/blog/software-development/relational-vs-non-relational-databases}
}

@misc{nasa_fits_overview,
    title = {{Overview of the FITS Data Format}},
    author = {{"National Aeronautics and Space Administration, Goddard Space Flight Center"}},
    year = {2023},
    howpublished = {NASA Website},
    month={August},
    url = {https://heasarc.gsfc.nasa.gov/docs/heasarc/fits_overview.html},
    note = {Accessed: April 2024}
}

@misc{fits_3,
  note = {Link used to access this information: https://www.loc.gov/preservation/digital/formats/fdd/fdd000317.shtml},
  author={Anonym},
  title = {Flexible Image Transport System (FITS), Version 3.0},
  howpublished = {Digital Preservation Home | Digital Formats Home},
  year = {2023},
  url = {\url{https://www.loc.gov/preservation/digital/formats/fdd/fdd000317.shtml}}
}

@inproceedings{seaman1995astronomical,
  title={Astronomical Data Analysis Software and Systems IV},
  author={Seaman, Rob},
  booktitle={Astronomical Data Analysis Software and Systems IV},
  volume={77},
  year={1995},
  organization={Astronomical Society of the Pacific Conference Series}
}

@book{fits,
  title = {Encyclopedia of Graphics File Formats, 2nd Edition},
  author = {Murray, James D. and Van Ryper, William},
  year = {1996},
  isbn = {1-56592-161-5},
  publisher = {O'Reilly Media},
  note = {The contents have been generously released under a Creative Commons Attribution license and are available at https://www.fileformat.info/}
}

@article{scroggins2020once,
  title={Once FITS, always FITS? Astronomical infrastructure in transition},
  author={Scroggins, Michael and Boscoe, Bernadette M},
  journal={IEEE Annals of the History of Computing},
  volume={42},
  number={2},
  pages={42--54},
  year={2020},
  publisher={IEEE}
}

@misc{nass1999fits,
  author = {Petra Nass},
  title = {FITS data-types and extensions},
  howpublished = {Published and accessed online},
  month = {June},
  year = {1999},
  url = {https://www.eso.org/sci/software/esomidas/doc/user/98NOV/vola/node112.html},
  note = {https://www.eso.org/sci/software/esomidas/doc/user/98NOV/vola/node112.html}
}

@article{greisen2002representations,
  title={Representations of world coordinates in FITS},
  author={Greisen, Eric W and Calabretta, Mark R},
  journal={Astronomy \& Astrophysics},
  volume={395},
  number={3},
  pages={1061--1075},
  year={2002},
  publisher={EDP Sciences}
}

@inbook{hofkirchner2011general,
  author    = {Hofkirchner, Wolfgang and Schafranek, Matthias},
  title     = {General System Theory},
  booktitle = {Philosophy of Complex Systems},
  year      = {2011},
  pages     = {1--21},
}

@incollection{sieniutycz2020systems,
  author       = {Sieniutycz, Stanis≈Çaw},
  title        = {Systems science vs cybernetics},
  booktitle    = {Complexity and Complex Thermo-Economic Systems},
  year         = {2020},
  publisher    = {Springer},
  editor       = {Editor(s) of the book},
  chapter      = {1.1},
  pages        = {1-14},
}

@article{li2005introduction,
  author    = {Li, Huanan and Xiao, Quanbao and Shao, Zhengyi},
  title     = {The introduction to FITSIO and its applied example},
  journal   = {Annals of Shanghai Observatory, Academia Sinica},
  volume    = {No. 26},
  pages     = {119--124},
  year      = {2005},
  isbn      = {7-5323-8395-4},
  keywords  = {Data Type; Data Processing; Galaxies}
}

@article{SAOimageDSFeatures,
author = {Joye, W. and Mandel, E.},
year = {2003},
month = {01},
pages = {489},
title = {New Features of SAOImage DS9},
volume = {295}
}

@article{sanders2011how,
  author    = {Sanders, Nathan},
  title     = {How to use SAO ds9 to examine astronomical images},
  journal   = {Astrobites},
  year      = {2011},
  month     = {Mar},
  day       = {9},
  note      = {Online article},
  url       = {https://astrobites.org/2011/03/09/how-to-use-sao-ds9-to-examine-astronomical-images/}
}

@article{ozkaya2021microservices,
  author = {Ozkaya, Mehmet},
  title = {Design Microservices Architecture with Patterns \& Principles},
  journal = {Design Microservices Architecture with Patterns \& Principles},
  year = {2021},
  month = {Sep}
}

@misc{microservices,
    title = {Microservices},
    author = {{"Amazon Web Services"}},
    url = {https://aws.amazon.com/microservices/},
    year = {2024},
    note = {Accessed: April 18, 2024}
}

@article{ferreira2023microservices,
  author = {Ferreira, Isabella},
  title = {3 Reasons Why Microservices Should Be Used for Big Data},
  journal = {TARS Foundation Blog},
  year = {2023},
  month = {February 8},
  url = {https://tarscloud.org/feeds/2113758633994533}
}

@article{stefanova2024spring,
  author = {Stefanova, Ognyana},
  title = {Spring Boot Microservices: Serial vs Parallel Execution},
  journal = {Published on Medium},
  year = {2024},
  month = {February 13}
}

@article{h2023containerized,
  author = {H, Jeremy},
  title = {What Are Containerized Microservices?},
  journal = {Published on Dreamfactory Blog},
  year = {2023},
  month = {July 12}
}

@article{dey2023apache,
  author = {Dey, Roshmita},
  title = {Apache Airflow: An In-Depth Exploration of Workflow Orchestration},
  journal = {Medium},
  year = {2023},
  month = {Nov},
  day = {17},
  url = {URL_of_the_article},
  note = {6 min read}
}

@article{viswanatham2023big,
  title={Big Data and NoSQL Databases: A Comprehensive Overview},
  author={Viswanatham, Leelakrishna},
  year={2023},
  month={September},
  day={13}
}
